@BOOK{Smith:2012qr,
   title = {Chemistry},
   publisher = {Publisher},
   author = {Smith, J.~M. and Jones, A.~B.},
   year = {2012},
   edition = {7th},
}
@article{DBLP:journals/corr/HeGDG17,
  author    = {Kaiming He and
               Georgia Gkioxari and
               Piotr Doll{\'{a}}r and
               Ross B. Girshick},
  title     = {Mask {R-CNN}},
  journal   = {CoRR},
  volume    = {abs/1703.06870},
  year      = {2017},
  url       = {http://arxiv.org/abs/1703.06870},
  archivePrefix = {arXiv},
  eprint    = {1703.06870},
  timestamp = {Wed, 07 Jun 2017 14:42:32 +0200},
  biburl    = {https://dblp.org/rec/bib/journals/corr/HeGDG17},
  bibsource = {dblp computer science bibliography, https://dblp.org}
}

@article{Group_Normalization,
  author    = {Yuxin Wu and
               Kaiming He},
  title     = {Group Normalization},
  journal   = {CoRR},
  volume    = {abs/1803.08494},
  year      = {2018},
  url       = {http://arxiv.org/abs/1803.08494},
  archivePrefix = {arXiv},
  eprint    = {1803.08494},
  timestamp = {Wed, 11 Apr 2018 11:12:46 +0200},
  biburl    = {https://dblp.org/rec/bib/journals/corr/abs-1803-08494},
  bibsource = {dblp computer science bibliography, https://dblp.org}
}

@article{Batch_Normalization,
  author    = {Sergey Ioffe and
               Christian Szegedy},
  title     = {Batch Normalization: Accelerating Deep Network Training by Reducing
               Internal Covariate Shift},
  journal   = {CoRR},
  volume    = {abs/1502.03167},
  year      = {2015},
  url       = {http://arxiv.org/abs/1502.03167},
  archivePrefix = {arXiv},
  eprint    = {1502.03167},
  timestamp = {Wed, 07 Jun 2017 14:40:49 +0200},
  biburl    = {https://dblp.org/rec/bib/journals/corr/IoffeS15},
  bibsource = {dblp computer science bibliography, https://dblp.org}
}

@article{NMS,
  author    = {Navaneeth Bodla and
               Bharat Singh and
               Rama Chellappa and
               Larry S. Davis},
  title     = {Improving Object Detection With One Line of Code},
  journal   = {CoRR},
  volume    = {abs/1704.04503},
  year      = {2017},
  url       = {http://arxiv.org/abs/1704.04503},
  archivePrefix = {arXiv},
  eprint    = {1704.04503},
  timestamp = {Wed, 07 Jun 2017 14:40:25 +0200},
  biburl    = {https://dblp.org/rec/bib/journals/corr/BodlaSCD17},
  bibsource = {dblp computer science bibliography, https://dblp.org}
}

@article{Mask_RCNN,
  author    = {Kaiming He and
               Georgia Gkioxari and
               Piotr Doll{\'{a}}r and
               Ross B. Girshick},
  title     = {Mask {R-CNN}},
  journal   = {CoRR},
  volume    = {abs/1703.06870},
  year      = {2017},
  url       = {http://arxiv.org/abs/1703.06870},
  archivePrefix = {arXiv},
  eprint    = {1703.06870},
  timestamp = {Wed, 07 Jun 2017 14:42:32 +0200},
  biburl    = {https://dblp.org/rec/bib/journals/corr/HeGDG17},
  bibsource = {dblp computer science bibliography, https://dblp.org}
}